@article{b1,
  title={Mastering the FreeRTOSTM Real Time Kernel, A Hands-On Tutorial Guide},
  author={Barry, R},
  journal={sl]: Real Time Engineers Ltd., 2016c. Resource Management},
  pages={233--264},
  year={2016}
}

@misc{b2, title={Market leading RTOS (Real Time Operating System) for embedded systems with Internet of Things extensions}, url={https://www.freertos.org/%7D, journal={FreeRTOS}, year={2021}, month={May}}